@article{Abdullateef2019,
  title = {{Survey on intrusion detection systems based on deep learning}},
  volume = {7},
  ISSN = {2303-4521},
  DOI = {10.21533/pen.v7i3.635},
  number = {3},
  journal = {Periodicals of Engineering and Natural Sciences (PEN)},
  publisher = {International University of Sarajevo},
  author = {Abdul lateef,  Ali Azawii and Al-Janabi,  Sufyan T. Faraj and Al-Khateeb,  Belal},
  year = {2019},
  month = aug,
  pages = {1074}
}

@article{Rajadurai2020,
  title = {{A stacked ensemble learning model for intrusion detection in wireless network}},
  volume = {34},
  ISSN = {1433-3058},
  DOI = {10.1007/s00521-020-04986-5},
  number = {18},
  journal = {Neural Computing and Applications},
  publisher = {Springer Science and Business Media LLC},
  author = {Rajadurai,  Hariharan and Gandhi,  Usha Devi},
  year = {2020},
  month = may,
  pages = {15387â€“15395}
}
